\usepackage[style=alphabetic,maxnames=4,minnames=3,maxbibnames=99]{biblatex}

@article{0Isaac,
  title={Isaac Newton: the Last Sorcerer},
  author={ White, M. },
  journal={Macmillan},
  year={1998}
}
@article{2016The,
  title={The Cambridge Companion to Newton || A brief introduction to the mathematical work of Isaac Newton},
  author={ Iliffe, Rob  and  Smith, George E. },
  volume={10.1017/CCO9781139058568},
  number={9},
  pages={382-420},
  year={2016},
}
@MISC{noauthor_undated-qy,
  howpublished = "\url{https://www.britannica.com/summary/Isaac-Newton.}",
  note         = "Accessed: 2023-3-26"
}
@inproceedings{DBLP:conf/nips/VaswaniSPUJGKP17,
  author       = {Ashish Vaswani and
                  Noam Shazeer and
                  Niki Parmar and
                  Jakob Uszkoreit and
                  Llion Jones and
                  Aidan N. Gomez and
                  Lukasz Kaiser and
                  Illia Polosukhin},
  title        = {Attention is All you Need},
  booktitle    = {Advances in Neural Information Processing Systems 30},
  pages        = {5998--6008},
  publisher    = {NeurIPS Foundation},
  address      = {Long Beach},
  year         = {2017}
}
@article{cui2022joint,
title={Joint Classification and Regression for Visual Tracking with Fully Convolutional Siamese Networks},
author={Cui, Ying and Guo, Dongyan and Shao, Yanyan and Wang, Zhenhua and Shen, Chunhua and Zhang, Liyan and Chen, Shengyong},
journal={International Journal of Computer Vision},
year={2022},
publisher={Springer},
doi = {10.1007/s11263-021-01559-4}}
@InProceedings{Guo_2021_CVPR,
author = {Guo, Dongyan and Shao, Yanyan and Cui, Ying and Wang, Zhenhua and Zhang, Liyan and Shen, Chunhua},
title = {Graph Attention Tracking},
booktitle = {The IEEE Conference on Computer Vision and Pattern Recognition (CVPR)},
month = {June},
year = {2021}
}
@InProceedings{Guo_2020_CVPR,
author = {Guo, Dongyan and Wang, Jun and Cui, Ying and Wang, Zhenhua and Chen, Shengyong},
title = {SiamCAR: Siamese Fully Convolutional Classification and Regression for Visual Tracking},
booktitle = {The IEEE Conference on Computer Vision and Pattern Recognition (CVPR)},
month = {June},
year = {2020}
}
@InProceedings{Wang_2024_AAAI,
author = {Wang, Jun and Cui, Ying and Guo, Dongyan and Li, Junxia and Liu, Qingshan and Shen, Chunhua},
title = {PointAttN: You Only Need Attention for Point Cloud Completion},
booktitle = {Association for the Advancement of Artificial Intelligence (AAAI)},
month = {Feb},
year = {2024}
}